@article{PhysRevD.57.3873,
  title = {Unified approach to the classical statistical analysis of small signals},
  author = {Feldman, Gary J. and Cousins, Robert D.},
  journal = {Phys. Rev. D},
  volume = {57},
  issue = {7},
  pages = {3873--3889},
  numpages = {0},
  year = {1998},
  month = {Apr},
  publisher = {American Physical Society},
  doi = {10.1103/PhysRevD.57.3873},
  url = {https://link.aps.org/doi/10.1103/PhysRevD.57.3873}
}

@MISC{gnome.dream, 
   author       = "B. Dodson", 
   title        = "Third Gnome Dream", 
   howpublished = "Revealed in a Dream", 
   month        = "April", 
   year         = "2023", 
   note         = "",
}